 @misc{ Node.js,
    author = "Node.js",
    title = "Node.js documentation",
    year = "2017",
    howpublished = "\url{https://nodejs.org/en/}",
    note = "[Online; dostęp 2017.11.15]"
  }
  
 
 @misc{ TrackR,
    author = "TrackR",
    title = "Oficjalna strona produktu {TrackR}",
    year = "2017",
    howpublished = "\url{https://www.thetrackr.com/}",
    note = "[Online; dostęp 2017.11.15]"
  }
  
  @misc{ nmea,
    author = "Dale DePriest",
    title = "{NMEA} data",
    howpublished = "\url{http://www.gpsinformation.org/dale/nmea.htm}",
    note = "[Online; dostęp 2017.11.15]"
  }
  

  
  @misc{ nmea_table,
    author = "VMAC",
    title = "Understanding {NMEA}",
    howpublished = "\url{https://sites.google.com/site/vmacgpsgsm/understanding-nmea}",
    note = "[Online; dostęp 2017.11.15]"
  }
  
   @misc{ openscad,
    author = "Marius Kintel",
    title = "{OpenSCAD} documentation",
    howpublished = "\url{http://www.openscad.org/documentation.html}",
    note = "[Online; dostęp 2017.11.15]"
  }
  
  
   @misc{ nodejs_blocking,
    author = "Node.js",
    title = "{Overview of Blocking vs Non-Blocking}",
    howpublished  = "\url{https://nodejs.org/en/docs/guides/blocking-vs-non-blocking/}",
    note = "[Online; dostęp 2017.11.15]"
  }
  
   @misc{ module_counts,
    author = "Erik DeBill",
    title = "{Module Counts}",
    howpublished  = "\url{http://www.modulecounts.com/}",
    note = "[Online; dostęp 2017.11.15]"
  }
  
   @misc{ express_popularity,
    author = "http://blog.builtinnode.com/",
    title = "{Most installed packages, according to npm}",
    howpublished  = "\url{http://blog.builtinnode.com/post/most-installed-packages-according-to-npm}",
    note = "[Online; dostęp 2017.11.15]"
  }
  
  @misc{ haversine,
    author = "Wikipedia",
    title = "{Haversine formula}",
    howpublished  = "\url{https://en.wikipedia.org/wiki/Haversine_formula}",
    note = "[Online; dostęp 2017.11.15]"
  }
  
  @misc{ CI,
    author = "Krystian Kaczor",
    title = "{Ciągła integracja}",
    howpublished  = "\url{https://www.qagile.pl/wp-content/uploads/2011/01/krystian_kaczor_ciagla_integracja.pdf}",
    note = "[Online; dostęp 2017.11.15]"
  }
  
  @misc{ heroku,
    author = "Heroku",
    title = "{Heroku}",
    howpublished  = "\url{https://www.heroku.com/}",
    note = "[Online; dostęp 2017.11.15]"
  }
  
  @misc{ heroku_cli,
    author = "Heroku",
    title = "{Heroku CLI}",
    howpublished  = "\url{https://devcenter.heroku.com/articles/heroku-cli}",
    note = "[Online; dostęp 2017.11.15]"
  }
  
  @misc{ mlab,
    author = "mLab",
    title = "{mLab}",
    howpublished  = "\url{https://mlab.com/}",
    note = "[Online; dostęp 2017.11.15]"
  }
  
  @misc{ travis,
    author = "Travis CI, GmbH",
    title = "{Travis}",
    howpublished  = "\url{https://docs.travis-ci.com/}",
    note = "[Online; dostęp 2017.11.15]"
  }
  
  @misc{ git,
    author = "Git",
    title = "{Git}",
    howpublished  = "\url{https://git-scm.com/}",
    note = "[Online; dostęp 2017.11.15]"
  }
  
  @misc{ webhooks,
    author = "GitHub ",
    title = "{Webhooks}",
    howpublished  = "\url{https://developer.github.com/webhooks/}",
    note = "[Online; dostęp 2017.11.15]"
  }
  
  @misc{ abs,
    author = "RepRap Wiki ",
    title = "{ABS}",
    howpublished  = "\url{http://reprap.org/wiki/ABS}",
    note = "[Online; dostęp 2017.11.15]"
  }
  
 

  

  
  
  
  